<?xml version="1.0" encoding="UTF-8"?><collection xmlns="http://www.loc.gov/MARC21/slim"><record><leader>00423nam--2200145-i-4500</leader><controlfield tag="001">000042481</controlfield><controlfield tag="002">20161230</controlfield><controlfield tag="005">20161230201043</controlfield><controlfield tag="008">060222s1000------------r-----000-0-eng-d</controlfield><datafield ind1=" " ind2=" " tag="100"><subfield code="a">Spiegel,Murray R</subfield></datafield><datafield ind1=" " ind2=" " tag="245"><subfield code="a">Vector analysis and an introduction to tensor analysis</subfield></datafield><datafield ind1=" " ind2=" " tag="260"><subfield code="a">New York, Schaum Publ.Co.,1959. 225 P</subfield></datafield><datafield ind1=" " ind2=" " tag="490"><subfield code="a">Schaum's Outline Series</subfield></datafield><datafield ind1=" " ind2=" " tag="852"><subfield code="a">27719</subfield><subfield code="c">512.94:512.972</subfield></datafield><datafield ind1=" " ind2=" " tag="CAT"><subfield code="a">Sys</subfield><subfield code="c">20080526</subfield><subfield code="h">113546</subfield></datafield></record></collection>